
@book{GG,
title={Handbook of graph grammars and computing by graph transformation},
  author={Rozenberg, Grzegorz and Ehrig, Hartmut},
  volume={1},
  year={1997},
  publisher={World Scientific Singapore}
}
